<?xml version="1.0" encoding="UTF-8"?><collection xmlns="http://www.loc.gov/MARC21/slim"><record><leader>00601nam--2200181-i-4500</leader><controlfield tag="001">000003083</controlfield><controlfield tag="002">20161230</controlfield><controlfield tag="005">20161230201025</controlfield><controlfield tag="008">060222s1000------------r-----000-0-rus-d</controlfield><datafield ind1=" " ind2=" " tag="040"><subfield code="a">IFIN-HH</subfield></datafield><datafield ind1=" " ind2=" " tag="041"><subfield code="a">rus</subfield></datafield><datafield ind1=" " ind2=" " tag="080"><subfield code="a">537.533.3</subfield></datafield><datafield ind1="1" ind2=" " tag="100"><subfield code="a">Rusterholz, Alexander A</subfield></datafield><datafield ind1="1" ind2="0" tag="245"><subfield code="a">Elektronnaia optika</subfield><subfield code="b">Osnovi teoreticeskoi elektronnoi optiki</subfield><subfield code="c">Alexander a. rusterholz</subfield></datafield><datafield ind1=" " ind2=" " tag="260"><subfield code="a">Moskva</subfield><subfield code="b">Inostrannoi Literaturi</subfield><subfield code="c">1952</subfield></datafield><datafield ind1=" " ind2=" " tag="500"><subfield code="a">TITLUL ORIGINAL IN LIMBA GERMANA: ELEKTRONENOPTIK BAND i GRUNDZUGE DER THEORETISCHEN ELEKTRONENOPTIK</subfield></datafield><datafield ind1=" " ind2=" " tag="852"><subfield code="a">2498</subfield><subfield code="c">537.533.3</subfield></datafield><datafield ind1=" " ind2=" " tag="CAT"><subfield code="a">Sys</subfield><subfield code="c">20110831</subfield><subfield code="h">090613</subfield></datafield></record></collection>